<record><leader>00000cas a22000007a 4500</leader><controlfield tag="001">19772212</controlfield><controlfield tag="008">890526d190819uucoudr ne      0    0eng d</controlfield><datafield ind1=" " ind2=" " tag="010"><subfield code="a">sn 89052179 </subfield></datafield><datafield ind1=" " ind2=" " tag="040"><subfield code="a">CNQ</subfield><subfield code="b">eng</subfield><subfield code="c">CNQ</subfield><subfield code="d">OCLCQ</subfield></datafield><datafield ind1=" " ind2=" " tag="042"><subfield code="a">msc</subfield></datafield><datafield ind1="0" ind2=" " tag="130"><subfield code="a">Victor record (Victor, Colo. : 1908 : Daily)</subfield></datafield><datafield ind1="1" ind2="4" tag="245"><subfield code="a">The Victor record.</subfield></datafield><datafield ind1="3" ind2="0" tag="246"><subfield code="a">Victor daily record</subfield></datafield><datafield ind1=" " ind2=" " tag="260"><subfield code="a">Victor, Colo. :</subfield><subfield code="b">Record Print. and Pub. Co.</subfield></datafield><datafield ind1=" " ind2=" " tag="300"><subfield code="a">v.</subfield></datafield><datafield ind1=" " ind2=" " tag="310"><subfield code="a">Daily (except Sun.)</subfield></datafield><datafield ind1="0" ind2=" " tag="362"><subfield code="a">13th year (Aug. 5, 1908)-</subfield></datafield><datafield ind1=" " ind2=" " tag="500"><subfield code="a">Some issues called Victor daily record.</subfield></datafield><datafield ind1=" " ind2=" " tag="530"><subfield code="a">Available on microfilm from the Colorado Historical Society.</subfield></datafield><datafield ind1=" " ind2=" " tag="580"><subfield code="a">Weekly edition: Victor record (Victor, Colo. : 1908), 1908-19.</subfield></datafield><datafield ind1=" " ind2=" " tag="752"><subfield code="a">United States</subfield><subfield code="b">Colorado</subfield><subfield code="c">Teller</subfield><subfield code="d">Victor.</subfield></datafield><datafield ind1="1" ind2=" " tag="775"><subfield code="t">Victor record (Victor, Colo. : 1908)</subfield><subfield code="w">(DLC)sn 89052178</subfield></datafield><datafield ind1="0" ind2="0" tag="780"><subfield code="t">Victor daily record</subfield><subfield code="w">(DLC)sn 86063364</subfield></datafield></record>